<?xml version="1.0" encoding="UTF-8"?><collection xmlns="http://www.loc.gov/MARC21/slim"><record><leader>00504nam--2200181-i-4500</leader><controlfield tag="001">000022961</controlfield><controlfield tag="002">20161230</controlfield><controlfield tag="005">20161230201034</controlfield><controlfield tag="008">060222s1000------------r-----000-0-eng-d</controlfield><datafield ind1=" " ind2=" " tag="040"><subfield code="a">IFIN-HH</subfield></datafield><datafield ind1=" " ind2=" " tag="080"><subfield code="a">533.7:533.9</subfield></datafield><datafield ind1="1" ind2=" " tag="100"><subfield code="a">Hochstim, A.R</subfield></datafield><datafield ind1="1" ind2="0" tag="245"><subfield code="a">Kinetic processes in gases and plasmas</subfield><subfield code="c">A.R. HOCHSTIM (Ed.)</subfield></datafield><datafield ind1=" " ind2=" " tag="260"><subfield code="a">New York, Academic Press, 1969,</subfield></datafield><datafield ind1=" " ind2=" " tag="300"><subfield code="a">XIV + 458P</subfield></datafield><datafield ind1=" " ind2=" " tag="490"><subfield code="a">A Volume in the Reentry Physics Series</subfield></datafield><datafield ind1=" " ind2=" " tag="852"><subfield code="a">32806</subfield><subfield code="c">533.7</subfield></datafield><datafield ind1=" " ind2=" " tag="CAT"><subfield code="a">Sys</subfield><subfield code="c">20100915</subfield><subfield code="h">131701</subfield></datafield></record></collection>